%% This BibTeX bibliography file was created using BibDesk.
%% http://bibdesk.sourceforge.net/


%% Created for Galyardt at 2014-08-21 22:49:39 -0400


%% Saved with string encoding Unicode (UTF-8)

@article{anderson1994two,
  title={Two-sample test statistics for measuring discrepancies between two multivariate probability density functions using kernel-based density estimates},
  author={Anderson, Niall H and Hall, Peter and Titterington, D Michael},
  journal={Journal of Multivariate Analysis},
  volume={50},
  number={1},
  pages={41--54},
  year={1994},
  publisher={Elsevier}
}

@article{bilen2002wavelet,
  title={Wavelet-based detection of outliers in time series},
  author={Bilen, Canan and Huzurbazar, S},
  journal={Journal of computational and graphical statistics},
  volume={11},
  number={2},
  pages={311--327},
  year={2002},
  publisher={Taylor \& Francis}
}

@article{burridge2006additive,
	title={Additive Outlier Detection Via Extreme-Value Theory},
	author={Burridge, Peter and Taylor, A. M. Robert},
	journal={Journal of Time Series Analysis},
	volume={27},
	number={5},
	pages={685--701},
	year={2006},
	publisher={Wiley Online Library}
}

@article{catalano2014intrusion,
  title={An intrusion detection system for the protection of railway assets using Fiber Bragg Grating sensors},
  author={Catalano, Angelo and Bruno, Francesco Antonio and Pisco, Marco and Cutolo, Antonello and Cusano, Andrea},
  journal={Sensors},
  volume={14},
  number={10},
  pages={18268--18285},
  year={2014},
  publisher={Multidisciplinary Digital Publishing Institute}
}

@article{chandola2009anomaly,
	title={Anomaly detection: A survey},
	author={Chandola, Varun and Banerjee, Arindam and Kumar, Vipin},
	journal={ACM computing surveys (CSUR)},
	volume={41},
	number={3},
	pages={15},
	year={2009},
	publisher={ACM}
}

@article{clifton2014extending,
  title={Extending the generalised Pareto distribution for novelty detection in high-dimensional spaces},
  author={Clifton, David A and Clifton, Lei and Hugueny, Samuel and Tarassenko, Lionel},
  journal={Journal of signal processing systems},
  volume={74},
  number={3},
  pages={323--339},
  year={2014},
  publisher={Springer}
}

@article{clifton2013extreme,
  title={An extreme function theory for novelty detection},
  author={Clifton, David A and Clifton, Lei and Hugueny, Samuel and Wong, David and Tarassenko, Lionel},
  journal={IEEE Journal of Selected Topics in Signal Processing},
  volume={7},
  number={1},
  pages={28--37},
  year={2013},
  publisher={IEEE}
}

@article{clifton2011novelty,
	title={Novelty detection with multivariate extreme value statistics},
	author={Clifton, D. A. and Hugueny, Samuel and Tarassenko, Lionel},
	journal={Journal of signal processing systems},
	volume={65},
	number={3},
	pages={371--389},
	year={2011},
	publisher={Springer}
}

@article{cuppens2014accelerometry,
  title={Accelerometry-based home monitoring for detection of nocturnal hypermotor seizures based on novelty detection},
  author={Cuppens, Kris and Karsmakers, Peter and Van de Vel, Anouk and Bonroy, Bert and Milosevic, Milica and Luca, Stijn and Croonenborghs, Tom and Ceulemans, Berten and Lagae, Lieven and Van Huffel, Sabine and others},
  journal={IEEE journal of biomedical and health informatics},
  volume={18},
  number={3},
  pages={1026--1033},
  year={2014},
  publisher={IEEE}
}

@article{dries2009adaptive,
	title={Adaptive concept drift detection},
	author={Dries, Anton and R{\"u}ckert, Ulrich},
	journal={Statistical Analysis and Data Mining},
	volume={2},
	number={5-6},
	pages={311--327},
	year={2009},
	publisher={Wiley Online Library}
}

@article{duong2012closed,
  title={Closed-form density-based framework for automatic detection of cellular morphology changes},
  author={Duong, Tarn and Goud, Bruno and Schauer, Kristine},
  journal={Proceedings of the National Academy of Sciences},
  volume={109},
  number={22},
  pages={8382--8387},
  year={2012},
  publisher={National Acad Sciences}
}

@book{embrechts2013modelling,
	title={Modelling Extremal Events: for Insurance and Finance},
	author={Embrechts, P. and Kl{\"u}ppelberg, C. and Mikosch, T.},
	isbn={9783540609315},
	lccn={97012308},
	series={Stochastic Modelling and Applied Probability},
	url={https://books.google.com.au/books?id=BXOI2pICfJUC},
	year={2013},
	publisher={Springer Berlin Heidelberg}
}

@article{faria2016novelty,
	title={Novelty detection in data streams},
	author={Faria, Elaine R and Gon{\c{c}}alves, Isabel JCR and de Carvalho, Andr{\'e} CPLF and Gama, Jo{\~a}o},
	journal={Artificial Intelligence Review},
	volume={45},
	number={2},
	pages={235--269},
	year={2016},
	publisher={Springer}
}


@book{farrar2012structural,
  title={Structural health monitoring: a machine learning perspective},
  author={Farrar, Charles R and Worden, Keith},
  year={2012},
  publisher={John Wiley \& Sons}
}

@inproceedings{fisher1928limiting,
	title={Limiting forms of the frequency distribution of the largest or smallest member of a sample},
	author={Fisher, Ronald Aylmer and Tippett, Leonard Henry Caleb},
	booktitle={Mathematical Proceedings of the Cambridge Philosophical Society},
	volume={24},
	number={02},
	pages={180--190},
	year={1928},
	organization={Cambridge Univ Press}
}

@phdthesis{fulcher2012highly,
	title={Highly comparative time-series analysis},
	author={Fulcher, Benjamin D},
	year={2012},
	school={University of Oxford}
}

@book{galambos2013extreme,
	title={Extreme Value Theory and Applications: Proceedings of the Conference on Extreme Value Theory and Applications, Volume 1 Gaithersburg Maryland 1993},
	author={Galambos, J. and Lechner, J. and Simiu, E.},
	isbn={9781461336389},
	series={Extreme Value Theory and Applications: Proceedings of the Conference on Extreme Value Theory and Applications, Gaithersburg, Maryland, 1993},
	url={https://books.google.com.au/books?id=XMPkBwAAQBAJ},
	year={2013},
	publisher={Springer US}
}

@article{galeano2006outlier,
  title={Outlier detection in multivariate time series by projection pursuit},
  author={Galeano, Pedro and Pe{\~n}a, Daniel and Tsay, Ruey S},
  journal={Journal of the American Statistical Association},
  volume={101},
  number={474},
  pages={654--669},
  year={2006},
  publisher={Taylor \& Francis}
}


@article{gama2013evaluating,
	title={On evaluating stream learning algorithms},
	author={Gama, Jo{\~a}o and Sebasti{\~a}o, Raquel and Rodrigues, Pedro Pereira},
	journal={Machine learning},
	volume={90},
	number={3},
	pages={317--346},
	year={2013},
	publisher={Springer}
}

@article{gama2014survey,
  title={A survey on concept drift adaptation},
  author={Gama, Jo{\~a}o and {\v{Z}}liobait{\.e}, Indr{\.e} and Bifet, Albert and Pechenizkiy, Mykola and Bouchachia, Abdelhamid},
  journal={ACM Computing Surveys (CSUR)},
  volume={46},
  number={4},
  pages={44},
  year={2014},
  publisher={ACM}
}

@article{gupta2014outlier,
  title={Outlier detection for temporal data: A survey},
  author={Gupta, Manish and Gao, Jing and Aggarwal, CC and Han, Jiawei},
  journal={IEEE Transactions on Knowledge and Data Engineering},
  volume={26},
  number={9},
  pages={2250--2267},
  year={2014},
  publisher={IEEE}
}

@article{hayes2015contextual,
	title={Contextual anomaly detection framework for big sensor data},
	author={Hayes, MA and Capretz, MA},
	journal={Journal of Big Data},
	volume={2},
	number={1},
	pages={2},
	year={2015},
	publisher={Springer}
}

@article{hossin2015review,
  title={A review on evaluation metrics for data classification evaluations},
  author={Hossin, M and Sulaiman, MN},
  journal={International Journal of Data Mining \& Knowledge Management Process},
  volume={5},
  number={2},
  pages={1},
  year={2015},
  publisher={Academy \& Industry Research Collaboration Center (AIRCC)}
}

@phdthesis{hugueny2013novelty,
	title={Novelty detection with extreme value theory in vital-sign monitoring},
	author={Hugueny, Samuel},
	year={2013},
	school={University of Oxford}
}

@inproceedings{hyndman2015large,
  title={Large-scale unusual time series detection},
  author={Hyndman, R. J. and Wang, Earo and Laptev, Nikolay},
  booktitle={Data Mining Workshop (ICDMW), 2015 IEEE International Conference on},
  pages={1616--1619},
  year={2015},
  organization={IEEE}
}

@inproceedings{jiang2009technological,
  title={Technological study on distributed fiber sensor monitoring of high voltage power cable in seafloor},
  author={Jiang, Qi and Sui, Qingmei},
  booktitle={Automation and Logistics, 2009. ICAL'09. IEEE International Conference on},
  pages={1154--1157},
  year={2009},
  organization={IEEE}
}

@incollection{jin2007frequent,
	title={Frequent pattern mining in data streams},
	author={Jin, Ruoming and Agrawal, Gagan},
	booktitle={Data Streams},
	pages={61--84},
	year={2007},
	publisher={Springer}
}

@techreport{kang2018efficient,
  title={Efficient generation of time series with diverse and controllable characteristics},
  author={Kang, Yanfei and Hyndman, Rob J and Li, Feng and others},
  year={2018},
  institution={Monash University, Department of Econometrics and Business Statistics}
}

@article{kang2017visualising,
  title={Visualising forecasting algorithm performance using time series instance spaces},
  author={Kang, Yanfei and Hyndman, Rob J and Smith-Miles, Kate},
  journal={International Journal of Forecasting},
  volume={33},
  number={2},
  pages={345--358},
  year={2017},
  publisher={Elsevier}
}

@article{kooperberg1991study,
	title={A study of logspline density estimation},
	author={Kooperberg, Charles and Stone, Charles J},
	journal={Computational Statistics \& Data Analysis},
	volume={12},
	number={3},
	pages={327--347},
	year={1991},
	publisher={Elsevier}
}

@book{krohn2000fiber,
  title={Fiber optic sensors: fundamentals and applications},
  author={Krohn, David A and MacDougall, Trevor and Mendez, Alexis},
  year={2000},
  publisher={Isa}
}

@inproceedings{lavin2015evaluating,
	title={Evaluating Real-Time Anomaly Detection Algorithms--The Numenta Anomaly Benchmark},
	author={Lavin, Alexander and Ahmad, Subutai},
	booktitle={Machine Learning and Applications (ICMLA), 2015 IEEE 14th International Conference on},
	pages={38--44},
	year={2015},
	organization={IEEE}
}

@article{loader1996local,
	title={Local likelihood density estimation},
	author={Loader, Clive R and others},
	journal={The Annals of Statistics},
	volume={24},
	number={4},
	pages={1602--1618},
	year={1996},
	publisher={Institute of Mathematical Statistics}
}

@article{luca2016one,
  title={One-class classification of point patterns of extremes},
  author={Luca, Stijn and Clifton, David A and Vanrumste, Bart},
  journal={The Journal of Machine Learning Research},
  volume={17},
  number={1},
  pages={6581--6601},
  year={2016},
  publisher={JMLR. org}
}

@article{luca2018point,
  title={Point process models for novelty detection on spatial point patterns and their extremes},
  author={Luca, Stijn E and Pimentel, Marco AF and Watkinson, Peter J and Clifton, David A},
  journal={Computational Statistics \& Data Analysis},
  volume={125},
  pages={86--103},
  year={2018},
  publisher={Elsevier}
}


@article{luca2014detecting,
  title={Detecting rare events using extreme value statistics applied to epileptic convulsions in children},
  author={Luca, Stijn and Karsmakers, Peter and Cuppens, Kris and Croonenborghs, Tom and Van de Vel, Anouk and Ceulemans, Berten and Lagae, Lieven and Van Huffel, Sabine and Vanrumste, Bart},
  journal={Artificial intelligence in medicine},
  volume={60},
  number={2},
  pages={89--96},
  year={2014},
  publisher={Elsevier}
}

@inproceedings{luca2014anomaly,
  title={Anomaly detection using the Poisson process limit for extremes},
  author={Luca, Stijn and Karsmakers, Peter and Vanrumste, Bart},
  booktitle={Data Mining (ICDM), 2014 IEEE International Conference on},
  pages={370--379},
  year={2014},
  organization={IEEE}
}

@article{luts2014real,
  title={Real-time semiparametric regression},
  author={Luts, Jan and Broderick, Tamara and Wand, Matt P},
  journal={Journal of Computational and Graphical Statistics},
  volume={23},
  number={3},
  pages={589--615},
  year={2014},
  publisher={Taylor \& Francis}
}

@inproceedings{ma2003time,
  title={Time-series novelty detection using one-class support vector machines},
  author={Ma, Junshui and Perkins, Simon},
  booktitle={Neural Networks, 2003. Proceedings of the International Joint Conference on},
  volume={3},
  pages={1741--1745},
  year={2003},
  organization={IEEE}
}


@article{mahadevan2009fault,
  title={Fault detection and diagnosis in process data using one-class support vector machines},
  author={Mahadevan, Sankar and Shah, Sirish L},
  journal={Journal of process control},
  volume={19},
  number={10},
  pages={1627--1639},
  year={2009},
  publisher={Elsevier}
}

@book{marshall2007life,
  title={Life distributions},
  author={Marshall, Albert W and Olkin, Ingram},
  volume={13},
  year={2007},
  publisher={Springer}
}

@article{moshtaghi2014streaming,
  title={Streaming analysis in wireless sensor networks},
  author={Moshtaghi, Masud and Bezdek, James C and Havens, Timothy C and Leckie, Christopher and Karunasekera, Shanika and Rajasegarar, Sutharshan and Palaniswami, Marimuthu},
  journal={Wireless Communications and Mobile Computing},
  volume={14},
  number={9},
  pages={905--921},
  year={2014},
  publisher={Wiley Online Library}
}

@Manual{Rtibble2017,
  title = {tibble: Simple Data Frames},
  author = {Kirill M\"{u}ller and Hadley Wickham},
  year = {2017},
  note = {R package version 1.4.1},
  url = {https://CRAN.R-project.org/package=tibble},
}

@inproceedings{nikles2009long,
  title={Long-distance fiber optic sensing solutions for pipeline leakage, intrusion, and ground movement detection},
  author={Nikles, Marc},
  booktitle={Fiber optic sensors and applications VI},
  volume={7316},
  pages={731602},
  year={2009},
  organization={International Society for Optics and Photonics}
}


@article{o2014anomaly,
  title={Anomaly detection in wireless sensor networks in a non-stationary environment},
  author={O'Reilly, Colin and Gluhak, Alexander and Imran, Muhammad Ali and Rajasegarar, Sutharshan},
  journal={IEEE Communications Surveys \& Tutorials},
  volume={16},
  number={3},
  pages={1413--1432},
  year={2014},
  publisher={IEEE}
}

@article{pena2001multivariate,
  title={Multivariate outlier detection and robust covariance matrix estimation},
  author={Pe{\~n}a, Daniel and Prieto, Francisco J},
  journal={Technometrics},
  volume={43},
  number={3},
  pages={286--310},
  year={2001},
  publisher={Taylor \& Francis}
}

@article{perron2003searching,
  title={Searching for additive outliers in nonstationary time series},
  author={Perron, Pierre and Rodr{\'\i}guez, Gabriel},
  journal={Journal of Time Series Analysis},
  volume={24},
  number={2},
  pages={193--220},
  year={2003},
  publisher={Wiley Online Library}
}

@article{rajasegarar2010centered,
  title={Centered hyperspherical and hyperellipsoidal one-class support vector machines for anomaly detection in sensor networks},
  author={Rajasegarar, Sutharshan and Leckie, Christopher and Bezdek, James C and Palaniswami, Marimuthu},
  journal={IEEE Transactions on Information Forensics and Security},
  volume={5},
  number={3},
  pages={518--533},
  year={2010},
  publisher={Institute of Electrical and Electronics Engineers, Inc., 3 Park Avenue, 17 th Fl New York NY 10016-5997 USA}
}


@inproceedings{ranawana2006optimized,
  title={Optimized Precision-A new measure for classifier performance evaluation},
  author={Ranawana, Romesh and Palade, Vasile},
  booktitle={Evolutionary Computation, 2006. CEC 2006. IEEE Congress on},
  pages={2254--2261},
  year={2006},
  organization={IEEE}
}

@article{rapach2008structural,
	title={Structural breaks and GARCH models of exchange rate volatility},
	author={Rapach, David E and Strauss, Jack K},
	journal={Journal of Applied Econometrics},
	volume={23},
	number={1},
	pages={65--90},
	year={2008},
	publisher={Wiley Online Library}
}

@article{raskutti2004extreme,
  title={Extreme re-balancing for SVMs: a case study},
  author={Raskutti, Bhavani and Kowalczyk, Adam},
  journal={ACM Sigkdd Explorations Newsletter},
  volume={6},
  number={1},
  pages={60--69},
  year={2004},
  publisher={ACM}
}

@article{riani2009finding,
  title={Finding an unknown number of multivariate outliers},
  author={Riani, Marco and Atkinson, Anthony C and Cerioli, Andrea},
  journal={Journal of the Royal Statistical Society: series B (statistical methodology)},
  volume={71},
  number={2},
  pages={447--466},
  year={2009},
  publisher={Wiley Online Library}
}

@inproceedings{rodriguez2008combining,
  title={Combining online classification approaches for changing environments},
  author={Rodr{\'\i}guez, Juan J and Kuncheva, Ludmila I},
  booktitle={Joint IAPR International Workshops on Statistical Techniques in Pattern Recognition (SPR) and Structural and Syntactic Pattern Recognition (SSPR)},
  pages={520--529},
  year={2008},
  organization={Springer}
}

@book{schwarz2008wind,
	title={Wind dispersion of carbon dioxide leaking from underground sequestration, and outlier detection in eddy covariance data using extreme value theory},
	author={Schwarz, Katherine Tracy},
	year={2008},
	publisher={ProQuest}
}

@inproceedings{sundaram2009aircraft,
	title={Aircraft engine health monitoring using density modelling and extreme value statistics},
	author={Sundaram, Srini and Strachan, Iain G D and Clifton, D. A. and Tarassenko, Lionel and King, Steve},
	booktitle={Proceedings of the 6th International Conference on Condition Monitoring and Machine Failure Prevention Technologies},
	year={2009}
}

@Manual{Roddstream,
    title = {oddstream: Outlier Detection in Data Streams},
    author = {Priyanga Dilini Talagala and Rob J. Hyndman and Kate Smith-Miles},
    note = {R package version 0.5.0},
    url = "https://github.com/pridiltal/oddstream",
    year = 2018,
  }
  
  @Article{Rreshape2007,
    author = {Hadley Wickham},
    journal = {Journal of Statistical Software},
    number = {12},
    title = {Reshaping data with the reshape package},
    url = {http://www.jstatsoft.org/v21/i12/paper},
    volume = {21},
    year = {2007},
  }
  
  @Book{Rggplot2009,
    author = {Hadley Wickham},
    title = {ggplot2: Elegant Graphics for Data Analysis},
    publisher = {Springer-Verlag New York},
    year = {2009},
    isbn = {978-0-387-98140-6},
    url = {http://ggplot2.org},
  }
  
  @Manual{Rdplyr2017,
  title = {dplyr: A Grammar of Data Manipulation},
  author = {Hadley Wickham and Romain Francois and Lionel Henry and Kirill M\"{u}ller},
  year = {2017},
  note = {R package version 0.7.4},
  url = {https://CRAN.R-project.org/package=dplyr},
}

@Manual{Rtidyr2017,
  title = {tidyr: Easily Tidy Data with 'spread()' and 'gather()' Functions},
  author = {Hadley Wickham and Lionel Henry},
  year = {2017},
  note = {R package version 0.7.2},
  url = {https://CRAN.R-project.org/package=tidyr},
}

@article{wilkinsonvisualizing,
  title={Visualizing Big Data Outliers through Distributed Aggregation},
  author={Wilkinson, Leland},
  journal={IEEE transactions on visualization and computer graphics},
  volume={24},
  number={1},
  pages={256--266},
  year={2018},
  publisher={IEEE}
}

@article{yoon2011swats,
  title={SWATS: Wireless sensor networks for steamflood and waterflood pipeline monitoring},
  author={Yoon, Sunhee and Ye, Wei and Heidemann, John and Littlefield, Brian and Shahabi, Cyrus},
  journal={IEEE network},
  volume={25},
  number={1},
  year={2011},
  publisher={IEEE}
}

@article{zhang2010ensuring,
  title={Ensuring high sensor data quality through use of online outlier detection techniques},
  author={Zhang, Yang and Meratnia, Nirvana and Havinga, Paul JM},
  journal={International Journal of Sensor Networks},
  volume={7},
  number={3},
  pages={141--151},
  year={2010},
  publisher={Inderscience Publishers}
}

@inproceedings{zhuang2006parameter,
  title={Parameter estimation of one-class SVM on imbalance text classification},
  author={Zhuang, Ling and Dai, Honghua},
  booktitle={Conference of the Canadian Society for Computational Studies of Intelligence},
  pages={538--549},
  year={2006},
  organization={Springer}
}

@book{xie2016dynamic,
  title={Dynamic Documents with R and knitr},
  author={Xie, Yihui},
  year={2016},
  publisher={Chapman and Hall/CRC}
}

@book{xie2018r,
  title={R markdown: The definitive guide},
  author={Xie, Yihui and Allaire, Joseph J and Grolemund, Garrett},
  year={2018},
  publisher={CRC Press}
}